@ARTICLE{6773024,
  author={Shannon, C. E.},
  journal={The Bell System Technical Journal}, 
  title={A mathematical theory of communication}, 
  year={1948},
  volume={27},
  number={3},
  pages={379-423},
  doi={10.1002/j.1538-7305.1948.tb01338.x}}
@online{ServiPlus,
  title        = {SERVI +},
  url          = {https://www.bearrobotics.ai/servi-plus},
  urldate      = {2025-01-11},
  note         = {Accessed: 2025-01-11}
}
@online{ServiAir,
  author       = {Bok, Jeonggwon},
  title        = {{병원 방역도 인공지능 로봇이}},
  year         = {2022},
  url          = {http://sjbnews.com/news/news.php?number=749827},
  urldate      = {2025-01-11},
  note         = {Accessed: 2025-01-11}
}
@online{Carti100,
  title        = {CARTI 100},
  url          = {https://www.bearrobotics.ai/carti},
  urldate      = {2025-01-11},
  note         = {Accessed: 2025-01-11}
}
@online{ServiLift,
  title        = {Enhanced hospitality with Servi Lift},
  url          = {https://www.bearrobotics.ai/hotels},
  urldate      = {2025-01-11},
  note         = {Accessed: 2025-01-11}
}
@INPROCEEDINGS{MultiStoreyBuildingNavigation,
  author={Zhang, Qun and Wu, Xiaojun and Liu, Bingbing and Adiwahono, Albertus Hendrawan and Dung, Tran Anh and Chang, Tai Wen},
  booktitle={2015 IEEE International Conference on Advanced Intelligent Mechatronics (AIM)}, 
  title={A hierarchical topological planner for multi-storey building navigation}, 
  year={2015},
  volume={},
  number={},
  pages={731-736},
  keywords={Navigation;Robot kinematics;Buildings;Measurement;Semantics;Planning},
  doi={10.1109/AIM.2015.7222624}}
